@article{schukajlow2011selbstberichtete,
  title={Selbstberichtete Strategienutzung und mathematische ModellierungskompetenzSelf-reported use of strategies and mathematical modelling},
  author={Schukajlow, Stanislaw and Leiss, Dominik},
  journal={Journal f{\"u}r Mathematik-Didaktik},
  volume={32},
  number={1},
  pages={53--77},
  year={2011},
  publisher={Springer},
  location={Berlin}

}

@article{hayhoe2005eye,
  title={Eye movements in natural behavior},
  author={Hayhoe, Mary and Ballard, Dana},
  journal={Trends in cognitive sciences},
  volume={9},
  number={4},
  pages={188--194},
  year={2005},
  publisher={Elsevier},
  location={Rochester}
}

@article{hyrskykari2008gaze,
  title={Gaze path stimulation in retrospective think-aloud},
  author={Hyrskykari, Aulikki and Ovaska, Saila and Majaranta, P{\"a}vi and R{\"a}ih{\"a}, Kari-Jouko and Lehtinen, Merja},
  journal={Journal of Eye Movement Research},
  volume={2},
  number={4},
  year={2008},
  location={Tampere}
}


%zitation bei Problematiken bei der Erfassung

@book{zech1983grundkurs,
  title={Grundkurs Mathematikdidaktik},
  author={Zech, Friedrich},
  year={1983},
  publisher={Beltz},
  location={Weinheim und Basel}
}
%zech lerntypeinteilung

@book{schrader2008lerntypen,
  title={Lerntypen bei Erwachsenen: empirische Analysen zum Lernen und Lehren in der beruflichen Weiterbildung},
  author={Schrader, Josef},
  year={2008},
  publisher={Julius Klinkhardt},
  location={Bad Heilbrunn}
}
%schrader lerntypeinteilung

@MISC{LehrplanGrundschule,
  title = {Lehrplan Grundschule Bayern},
  url = {https://www.lehrplanplus.bayern.de/leitlinien/grundschule},
  note = {Accessed: 2017-12-13}
}

@article{anderson2001taxonomy,
  title={A taxonomy for learning, teaching, and assessing: A revision of Bloom’s taxonomy of educational objectives, abridged edition},
  author={Anderson, Lorin W and Krathwohl, David R and Airasian, Peter W and Cruikshank, Kathleen A and Mayer, Richard E and Pintrich, Paul R and Raths, James and Wittrock, Merlin C},
  journal={White Plains, NY: Longman},
  year={2001},
  location={London}
}

@MISC{DudenKontiguitaet,
  title = {Duden Kontiguitaet},
  url = {https://www.duden.de/rechtschreibung/Kontiguitaet},
  note = {Accessed: 2017-12-13}
}

@MISC{Eyetracking,
  title = {Eyetracking Fixation},
  url = {http://ftp.informatik.uni-stuttgart.de/pub/library/medoc.ustuttgart_fi/DIP-3183/DIP-3183.pdf},
  note = {Accessed: 2017-12-13}
}

@article{pawlow1977klassische,
  title={das klassische Konditionieren},
  author={Pawlow, Kussmann T},
  journal={Pawlow und die Folgen: Von der klassischen Konditionierung bis zur Verhaltenstherapie..[Die Psychologie des 20. Jahrhunderts. Band IV]. Z{\"u}rich: Kindler},
  pages={20--56},
  year={1977}
}

@article{mayer2005reliability,
  title={Reliability and validity of a new computer-administered pictorial activity and task sort},
  author={Mayer, John and Mooney, Vert and Matheson, Leonard and Leggett, Scott and Verna, Joe and Balourdas, Greg and DeFilippo, Greg},
  journal={Journal of Occupational Rehabilitation},
  volume={15},
  number={2},
  pages={203--213},
  year={2005},
  publisher={Springer},
  location={Dordrecht}
}

@article{bockmannvalue,
  title={value of pictures in modelling problems frome the students’perspective},
  author={B{\"o}ckmann, Matthias and Schukajlow, Stanislaw},
  year={2018},
  location={Münster}
}
