@article{kmk12,
  title={Bildungsstandards im Fach Mathematik f√ºr die Allgemeine Hochschulreife},
  author={Kultusministekonverenz},
  year={2012},
  publisher={Bonn und Berlin: Carl Link},
}

@book{forster2004analysis,
  title={Analysis 1},
  author={Forster, Otto},
  year={2004},
  publisher={Springer}
}

@MISC{LehrplanGymnasium,
  title = {LehrplanPlus der 5. Klasse des Gymnasiums Bayern},
  author={ISB},
  url = {https://www.lehrplanplus.bayern.de/fachlehrplan/gymnasium/5/mathematik},
  note = {Accessed: 2018-08-23}
}
